<?xml version = "1.0" encoding = "UTF-8"?>
<OAI-PMH xmlns="http://www.openarchives.org/OAI/2.0/" xmlns:xsi="http://www.w3.org/2001/XMLSchema-instance"
	xsi:schemaLocation="http://www.openarchives.org/OAI/2.0/ http://www.openarchives.org/OAI/2.0/OAI-PMH.xsd">
	<ListRecords>
		<record>
			<header>
				<identifier>aleph-publish:018995479</identifier>
			</header>
			<metadata>
				<record xmlns="http://www.ddb.de/professionell/mabxml/mabxml-1.xsd">
					<leader>------M2.01200024------h</leader>
					<controlfield tag="LDR">------M2.01200024------h
					</controlfield>
					<controlfield tag="FMT">MH</controlfield>
					<datafield tag="001" ind1="-" ind2="1">
						<subfield code="a">HT017091204</subfield>
					</datafield>
					<datafield tag="002" ind1="a" ind2="1">
						<subfield code="a">20120109</subfield>
					</datafield>
					<datafield tag="026" ind1="-" ind2="1">
						<subfield code="a">HBZHT017091204</subfield>
					</datafield>
					<controlfield tag="030">a|1uc||||||37</controlfield>
					<datafield tag="036" ind1="a" ind2="1">
						<subfield code="a">DE</subfield>
					</datafield>
					<datafield tag="037" ind1="b" ind2="1">
						<subfield code="a">ger</subfield>
					</datafield>
					<controlfield tag="050">||||||||g|||||</controlfield>
					<controlfield tag="051">m|||||||</controlfield>
					<datafield tag="070" ind1="-" ind2="1">
						<subfield code="a">107</subfield>
					</datafield>
					<datafield tag="078" ind1="r" ind2="1">
						<subfield code="a">107: edoweb</subfield>
					</datafield>
					<datafield tag="080" ind1="-" ind2="1">
						<subfield code="a">60</subfield>
					</datafield>
					<datafield tag="200" ind1="b" ind2="1">
						<subfield code="k">Rheinland-Pfalz</subfield>
						<subfield code="b">Ministerium für Wirtschaft, Verkehr,
							Landwirtschaft und Weinbau</subfield>
						<subfield code="9">(DE-588)5123626-6</subfield>
					</datafield>
					<datafield tag="201" ind1="-" ind2="1">
						<subfield code="k">Ministerium für Wirtschaft, Verkehr,
							Landwirtschaft und Weinbau</subfield>
						<subfield code="h">Rheinland-Pfalz</subfield>
					</datafield>
					<datafield tag="201" ind1="-" ind2="1">
						<subfield code="k">Rheinland-Pfalz</subfield>
						<subfield code="b">Ministerium für Wirtschaft, Verkehr,
							Landwirtschaft und Weinbau</subfield>
						<subfield code="b">Landeskulturverwaltung</subfield>
					</datafield>
					<datafield tag="201" ind1="-" ind2="1">
						<subfield code="k">Rheinland-Pfalz</subfield>
						<subfield code="b">Minister für Wirtschaft, Verkehr,
							Landwirtschaft und Weinbau</subfield>
					</datafield>
					<datafield tag="201" ind1="-" ind2="1">
						<subfield code="k">Minister für Wirtschaft, Verkehr,
							Landwirtschaft und Weinbau</subfield>
						<subfield code="h">Rheinland-Pfalz</subfield>
					</datafield>
					<datafield tag="201" ind1="-" ind2="1">
						<subfield code="k">Rheinland-Pfalz</subfield>
						<subfield code="b">Minister for Economic Affairs,
							Transportation, Agriculture and Viniculture</subfield>
					</datafield>
					<datafield tag="201" ind1="-" ind2="1">
						<subfield code="k">Minister for Economic Affairs,
							Transportation, Agriculture and Viniculture</subfield>
						<subfield code="h">Rheinland-Pfalz</subfield>
					</datafield>
					<datafield tag="201" ind1="-" ind2="1">
						<subfield code="k">Rheinland-Pfalz</subfield>
						<subfield code="b">Ministry of Economics, Transportation,
							Agriculture and Viniculture</subfield>
					</datafield>
					<datafield tag="201" ind1="-" ind2="1">
						<subfield code="k">Ministry of Economics, Transportation,
							Agriculture and Viniculture</subfield>
						<subfield code="h">Rheinland-Pfalz</subfield>
					</datafield>
					<datafield tag="201" ind1="-" ind2="1">
						<subfield code="k">Rheinland-Pfalz</subfield>
						<subfield code="b">Ministerium für Wirtschaft, Verkehr,
							Landwirtschaft und Weinbau</subfield>
						<subfield code="b">Abteilung Verkehr und Straßenbau
						</subfield>
					</datafield>
					<datafield tag="201" ind1="-" ind2="1">
						<subfield code="k">Rheinland-Pfalz</subfield>
						<subfield code="b">Ministerium für Wirtschaft, Verkehr,
							Landwirtschaft und Weinbau</subfield>
						<subfield code="b">Referat Regionale und Sektorale
							Strukturpolitik</subfield>
					</datafield>
					<datafield tag="201" ind1="-" ind2="1">
						<subfield code="k">Rheinland-Pfalz</subfield>
						<subfield code="b">Ministerium für Wirtschaft, Verkehr,
							Landwirtschaft und Weinbau</subfield>
						<subfield code="b">Arbeitsgruppe Tiergerechte Pferdehaltung
						</subfield>
					</datafield>
					<datafield tag="201" ind1="-" ind2="1">
						<subfield code="k">MWVLW</subfield>
					</datafield>
					<datafield tag="331" ind1="-" ind2="1">
						<subfield code="a">Aktion &quot;Mehr Grün durch
							Flurbereinigung&quot;</subfield>
					</datafield>
					<datafield tag="334" ind1="-" ind2="1">
						<subfield code="a">Elektronische Ressource</subfield>
					</datafield>
					<datafield tag="359" ind1="-" ind2="1">
						<subfield code="a">[Hrsg.: Ministerium für Wirtschaft,
							Verkehr, Landwirtschaft und Weinbau]</subfield>
					</datafield>
					<datafield tag="410" ind1="-" ind2="1">
						<subfield code="a">Mainz</subfield>
					</datafield>
					<datafield tag="425" ind1="-" ind2="1">
						<subfield code="a">[ca. 2001]</subfield>
					</datafield>
					<datafield tag="425" ind1="a" ind2="1">
						<subfield code="a">2001</subfield>
					</datafield>
					<datafield tag="433" ind1="-" ind2="1">
						<subfield code="a">[6] S. : Ill.</subfield>
					</datafield>
					<datafield tag="652" ind1="a" ind2="1">
						<subfield code="a">Archivierte Online-Ressource</subfield>
					</datafield>
					<datafield tag="655" ind1="e" ind2="1">
						<subfield code="x">kostenfrei; Langzeitarchivierung
						</subfield>
					</datafield>
					<datafield tag="700" ind1="l" ind2="1">
						<subfield code="a">130</subfield>
					</datafield>
					<datafield tag="700" ind1="l" ind2="1">
						<subfield code="a">760</subfield>
					</datafield>
					<datafield tag="700" ind1="l" ind2="1">
						<subfield code="a">106</subfield>
					</datafield>
					<datafield tag="700" ind1="l" ind2="1">
						<subfield code="a">740</subfield>
					</datafield>
					<datafield tag="700" ind1="l" ind2="1">
						<subfield code="a">rpb544040</subfield>
					</datafield>
					<datafield tag="902" ind1="-" ind2="1">
						<subfield code="g">Rheinland-Pfalz</subfield>
						<subfield code="9">(DE-588)4049795-1</subfield>
					</datafield>
					<datafield tag="902" ind1="-" ind2="1">
						<subfield code="s">Flurbereinigung</subfield>
						<subfield code="9">(DE-588)4017715-4</subfield>
					</datafield>
					<datafield tag="902" ind1="-" ind2="1">
						<subfield code="s">Begrünung</subfield>
						<subfield code="9">(DE-588)4137908-1</subfield>
					</datafield>
					<controlfield tag="SYS">018995479</controlfield>
					<datafield tag="LOW" ind1="-" ind2="1">
						<subfield code="a">R0003</subfield>
					</datafield>
					<datafield tag="HID" ind1="-" ind2="1">
						<subfield code="s">DTL2ALEPH</subfield>
						<subfield code="c">20120110</subfield>
						<subfield code="l">HBZ01</subfield>
						<subfield code="h">0600</subfield>
					</datafield>
					<datafield tag="952" ind1="-" ind2="1">
						<subfield code="s">Flurneuordnung</subfield>
					</datafield>
					<datafield tag="952" ind1="-" ind2="1">
						<subfield code="s">Güterzusammenlegung</subfield>
					</datafield>
					<datafield tag="952" ind1="-" ind2="1">
						<subfield code="s">Feldbereinigung</subfield>
					</datafield>
					<datafield tag="952" ind1="-" ind2="1">
						<subfield code="s">Feldregulierung</subfield>
					</datafield>
					<datafield tag="952" ind1="-" ind2="1">
						<subfield code="s">Verkoppelung</subfield>
					</datafield>
					<datafield tag="952" ind1="-" ind2="1">
						<subfield code="s">Arrondierung</subfield>
					</datafield>
					<datafield tag="088" ind1=" " ind2=" ">
						<subfield code="a">107</subfield>
					</datafield>
					<datafield tag="655" ind1="e" ind2=" ">
						<subfield code="u">http://digitool.hbz-nrw.de:1801/webclient/DeliveryManager?pid=4390059&amp;custom_att_2=simple_viewer
						</subfield>
						<subfield code="y">Aktion</subfield>
						<subfield code="x">Archivierte Online-Ressource</subfield>
					</datafield>
				</record>
			</metadata>
		</record>
	</ListRecords>
</OAI-PMH>